@masterthesis{邹燕2016idc,
  title={IDC 机房温度调控设计研究},
  author={邹燕},
  year={2016},
  school={上海工程技术大学}
}

@book{钟珞2005软件工程,
  author       = {钟珞 and 袁景凌 and 魏志华 and 汤练兵 and 吕品 and 胡金柱},
  title        = {软件工程},
  published = {北京: 清华大学出版社},
  year         = {2005}
}
